@Article{pm10,
	Author="Consonni, D.  and Carugno, M.  and De Matteis, S.  and Nordio, F.  and Randi, G.  and Bazzano, M.  and Caporaso, N. E.  and Tucker, M. A.  and Bertazzi, P. A.  and Pesatori, A. C.  and Lubin, J. H.  and Landi, M. T. ",
	Title="{{O}utdoor particulate matter ({P}{M}10) exposure and lung cancer risk in the {E}{A}{G}{L}{E} study}",
	Journal="PLoS One",
	Year="2018",
	Volume="13",
	Number="9",
	Pages="e0203539",
	doi ="10.1371/journal.pone.0203539",
	url = "https://doi.org/10.1371/journal.pone.0203539",
	shorthand="Consonni et al. 2018"
}

% 8777372 
@Article{pm101996,
	Author="Thurston, G. D. ",
	Title="{{A} critical review of {P}{M}10-mortality time-series studies}",
	Journal="J Expo Anal Environ Epidemiol",
	Year="1996",
	Volume="6",
	Number="1",
	Pages="3--21",
	shorthand="Thurston et al. 1996"
}

% 32512362 
@Article{pmcovid,
	Author="Zoran, M. A.  and Savastru, R. S.  and Savastru, D. M.  and Tautan, M. N. ",
	Title="{{A}ssessing the relationship between surface levels of {P}{M}2.5 and {P}{M}10 particulate matter impact on {C}{O}{V}{I}{D}-19 in {M}ilan, {I}taly}",
	Journal="Sci Total Environ",
	Year="2020",
	Volume="738",
	Pages="139825",
	Month="Oct",
	doi ="10.1016/j.scitotenv.2020.139825",
	url = "https://doi.org/10.1016/j.scitotenv.2020.139825",
	shorthand="Zoran et al. 2020"
}

